% This file was created with JabRef 2.10b2.
% Encoding: UTF-8


@Book{DBLP:books/sp/HarderR01,
  Title                    = {{Datenbanksysteme: Konzepte und Techniken der Implementierung}},
  Author                   = {Theo HÃ¤rder and Erhard Rahm},
  Publisher                = {Springer},
  Year                     = {2001},

  Bibsource                = {DBLP, http://dblp.uni-trier.de},
  ISBN                     = {3-540-42133-5}
}
