@article{dwork:2014,
  author       = {Cynthia Dwork and
                  Aaron Roth},
  title        = {The Algorithmic Foundations of Differential Privacy},
  journal      = {Found. Trends Theor. Comput. Sci.},
  volume       = {9},
  number       = {3-4},
  pages        = {211--407},
  year         = {2014},
  url          = {https://doi.org/10.1561/0400000042},
  doi          = {10.1561/0400000042},
  timestamp    = {Sat, 30 Sep 2023 10:13:44 +0200},
  biburl       = {https://dblp.org/rec/journals/fttcs/DworkR14.bib},
  bibsource    = {dblp computer science bibliography, https://dblp.org}
}

@book{chang:2023,
  title={Privacy-Preserving Machine Learning},
  author={Chang, J.M. and Zhuang, D. and Samaraweera, G. and Samaraweera, G.D.},
  isbn={9781617298042},
  lccn={2023289182},
  url={https://books.google.de/books?id=3-90zgEACAAJ},
  year={2023},
  publisher={Manning}
}

@article{abadi:2016,
  author       = {Mart{\'{\i}}n Abadi and
                  Andy Chu and
                  Ian J. Goodfellow and
                  H. Brendan McMahan and
                  Ilya Mironov and
                  Kunal Talwar and
                  Li Zhang},
  title        = {Deep Learning with Differential Privacy},
  journal      = {CoRR},
  volume       = {abs/1607.00133},
  year         = {2016},
  url          = {http://arxiv.org/abs/1607.00133},
  eprinttype    = {arXiv},
  eprint       = {1607.00133},
  timestamp    = {Mon, 13 Aug 2018 16:48:02 +0200},
  biburl       = {https://dblp.org/rec/journals/corr/AbadiCGMMTZ16.bib},
  bibsource    = {dblp computer science bibliography, https://dblp.org}
}

@article{boenisch:2023,
  author       = {Franziska Boenisch and
                  Christopher M{\"{u}}hl and
                  Adam Dziedzic and
                  Roy Rinberg and
                  Nicolas Papernot},
  title        = {Have it your way: Individualized Privacy Assignment for {DP-SGD}},
  journal      = {CoRR},
  volume       = {abs/2303.17046},
  year         = {2023},
  url          = {https://doi.org/10.48550/arXiv.2303.17046},
  doi          = {10.48550/ARXIV.2303.17046},
  eprinttype    = {arXiv},
  eprint       = {2303.17046},
  timestamp    = {Fri, 14 Apr 2023 17:38:15 +0200},
  biburl       = {https://dblp.org/rec/journals/corr/abs-2303-17046.bib},
  bibsource    = {dblp computer science bibliography, https://dblp.org}
}

@inproceedings{mcmahan:2018,
  author       = {H. Brendan McMahan and
                  Daniel Ramage and
                  Kunal Talwar and
                  Li Zhang},
  title        = {Learning Differentially Private Recurrent Language Models},
  booktitle    = {6th International Conference on Learning Representations, {ICLR} 2018,
                  Vancouver, BC, Canada, April 30 - May 3, 2018, Conference Track Proceedings},
  publisher    = {OpenReview.net},
  year         = {2018},
  url          = {https://openreview.net/forum?id=BJ0hF1Z0b},
  timestamp    = {Thu, 25 Jul 2019 14:25:48 +0200},
  biburl       = {https://dblp.org/rec/conf/iclr/McMahanRT018.bib},
  bibsource    = {dblp computer science bibliography, https://dblp.org}
}

@article{shen:2023,
  author       = {Xiaoying Shen and
                  Hang Jiang and
                  Yange Chen and
                  Baocang Wang and
                  Le Gao},
  title        = {{PLDP-FL:} Federated Learning with Personalized Local Differential
                  Privacy},
  journal      = {Entropy},
  volume       = {25},
  number       = {3},
  pages        = {485},
  year         = {2023},
  url          = {https://doi.org/10.3390/e25030485},
  doi          = {10.3390/E25030485},
  timestamp    = {Sat, 30 Sep 2023 10:12:30 +0200},
  biburl       = {https://dblp.org/rec/journals/entropy/ShenJCWG23.bib},
  bibsource    = {dblp computer science bibliography, https://dblp.org}
}

@misc{aldaghri:2023,
      title={Federated Learning with Heterogeneous Differential Privacy}, 
      author={Nasser Aldaghri and Hessam Mahdavifar and Ahmad Beirami},
      year={2023},
      eprint={2110.15252},
      archivePrefix={arXiv},
      primaryClass={cs.LG}
}

@article{liu:2021,
  author       = {Junxu Liu and
                  Jian Lou and
                  Li Xiong and
                  Jinfei Liu and
                  Xiaofeng Meng},
  title        = {Projected Federated Averaging with Heterogeneous Differential Privacy},
  journal      = {Proc. {VLDB} Endow.},
  volume       = {15},
  number       = {4},
  pages        = {828--840},
  year         = {2021},
  url          = {https://www.vldb.org/pvldb/vol15/p828-liu.pdf},
  doi          = {10.14778/3503585.3503592},
  timestamp    = {Mon, 25 Apr 2022 12:52:22 +0200},
  biburl       = {https://dblp.org/rec/journals/pvldb/LiuLXLM21.bib},
  bibsource    = {dblp computer science bibliography, https://dblp.org}
}

@inproceedings{yang:2021,
  author       = {Ge Yang and
                  Shaowei Wang and
                  Haijie Wang},
  title        = {Federated Learning with Personalized Local Differential Privacy},
  booktitle    = {6th {IEEE} International Conference on Computer and Communication
                  Systems, {ICCCS} 2021, Chengdu, China, April 23-26, 2021},
  pages        = {484--489},
  publisher    = {{IEEE}},
  year         = {2021},
  url          = {https://doi.org/10.1109/ICCCS52626.2021.9449232},
  doi          = {10.1109/ICCCS52626.2021.9449232},
  timestamp    = {Wed, 28 Jul 2021 10:16:33 +0200},
  biburl       = {https://dblp.org/rec/conf/ccoms/Yang0W21.bib},
  bibsource    = {dblp computer science bibliography, https://dblp.org}
}

@article{geyer:2017,
  author       = {Robin C. Geyer and
                  Tassilo Klein and
                  Moin Nabi},
  title        = {Differentially Private Federated Learning: {A} Client Level Perspective},
  journal      = {CoRR},
  volume       = {abs/1712.07557},
  year         = {2017},
  url          = {http://arxiv.org/abs/1712.07557},
  eprinttype    = {arXiv},
  eprint       = {1712.07557},
  timestamp    = {Mon, 13 Aug 2018 16:47:11 +0200},
  biburl       = {https://dblp.org/rec/journals/corr/abs-1712-07557.bib},
  bibsource    = {dblp computer science bibliography, https://dblp.org}
}



@inproceedings{andrew:2021,
  author       = {Galen Andrew and
                  Om Thakkar and
                  Brendan McMahan and
                  Swaroop Ramaswamy},
  editor       = {Marc'Aurelio Ranzato and
                  Alina Beygelzimer and
                  Yann N. Dauphin and
                  Percy Liang and
                  Jennifer Wortman Vaughan},
  title        = {Differentially Private Learning with Adaptive Clipping},
  booktitle    = {Advances in Neural Information Processing Systems 34: Annual Conference
                  on Neural Information Processing Systems 2021, NeurIPS 2021, December
                  6-14, 2021, virtual},
  pages        = {17455--17466},
  year         = {2021},
  url          = {https://proceedings.neurips.cc/paper/2021/hash/91cff01af640a24e7f9f7a5ab407889f-Abstract.html},
  timestamp    = {Tue, 03 May 2022 16:20:48 +0200},
  biburl       = {https://dblp.org/rec/conf/nips/AndrewTMR21.bib},
  bibsource    = {dblp computer science bibliography, https://dblp.org}
}

